@Manual{citeGovernmentOfCanada,
    title = {About Reaching Home: Canada's Homelessness Strategy},
    author = {{Government of Canada}},
    organization = {Government of Canada},
    address = {Vienna, Austria},
    year = {2023},
    url = {https://housing-infrastructure.canada.ca/homelessness-sans-abri/index-eng.html},
  }
  

@Manual{citeTorontoWebsite,
    title = {New North York homeless shelter fills to capacity in four days},
    author = {{Andrew Palamarchuk North York Mirror}},
    organization = {Toronto.com},
    address = {8 Spadina Avenue, Suite 10A, Toronto, ON M5V 0S8},
    year = {2023},
    url = {https://www.toronto.com/news/new-north-york-homeless-shelter-fills-to-capacity-in-four-days/article_07fca8c6-11e1-5626-b621-793b592601b7.html?},
  }
  
@Manual{citeTVOToday,
    title = {On homelessness, no one seems to have a full grasp of what we’re up against},
    author = {Matt Gurney},
    year = {2024},
    url = {https://www.tvo.org/article/on-homelessness-no-one-seems-to-have-a-full-grasp-of-what-were-up-against},
  }  
  
  
@Manual{citeOpenDataToronto,
    title = {About Daily Shelter & Overnight Service Occupancy & Capacity},
    organization = {Toronto Shelter & Support Services},
    year = {2024},
    url = {https://open.toronto.ca/dataset/daily-shelter-overnight-service-occupancy-capacity/},
  }  
  
@Manual{citeR,
    title = {R: A Language and Environment for Statistical Computing},
    author = {{R Core Team}},
    organization = {R Foundation for Statistical Computing},
    address = {Vienna, Austria},
    year = {2023},
    url = {https://www.R-project.org/},
  }

@Article{rohan,
    title = {Welcome to the {tidyverse}},
    author = {Hadley Wickham and Mara Averick and Jennifer Bryan and Winston Chang and Lucy D'Agostino McGowan and Romain François and Garrett Grolemund and Alex Hayes and Lionel Henry and Jim Hester and Max Kuhn and Thomas Lin Pedersen and Evan Miller and Stephan Milton Bache and Kirill Müller and Jeroen Ooms and David Robinson and Dana Paige Seidel and Vitalie Spinu and Kohske Takahashi and Davis Vaughan and Claus Wilke and Kara Woo and Hiroaki Yutani},
    year = {2019},
    journal = {Journal of Open Source Software},
    volume = {4},
    number = {43},
    pages = {1686},
    doi = {10.21105/joss.01686},
  }  
    